<?xml version="1.0" encoding="UTF-8"?><collection xmlns="http://www.loc.gov/MARC21/slim"><record><leader>00529nam--2200181-i-4500</leader><controlfield tag="001">000020702</controlfield><controlfield tag="002">20161230</controlfield><controlfield tag="005">20161230201033</controlfield><controlfield tag="008">060222s1000------------r-----000-0-eng-d</controlfield><datafield ind1=" " ind2=" " tag="020"><subfield code="a">981-0200</subfield></datafield><datafield ind1=" " ind2=" " tag="080"><subfield code="a">512:530.145</subfield></datafield><datafield ind1="1" ind2=" " tag="100"><subfield code="a">Mo-Lin Ge (Ed.)</subfield></datafield><datafield ind1=" " ind2=" " tag="245"><subfield code="a">Quantum group and quantum integrable systems. nankai inst.of mathematics, china 2-18 april 1991</subfield></datafield><datafield ind1=" " ind2=" " tag="260"><subfield code="a">London, World Scientific,1992. 229 P</subfield></datafield><datafield ind1=" " ind2=" " tag="490"><subfield code="a">Nankai Lect.On Math.Physics</subfield></datafield><datafield ind1=" " ind2=" " tag="700"><subfield code="a">Mo-lin Ge</subfield></datafield><datafield ind1=" " ind2=" " tag="852"><subfield code="a">80596</subfield></datafield><datafield ind1=" " ind2=" " tag="CAT"><subfield code="a">Sys</subfield><subfield code="c">20080520</subfield><subfield code="h">122716</subfield></datafield></record></collection>